<?xml version="1.0" encoding="UTF-8"?><collection xmlns="http://www.loc.gov/MARC21/slim"><record><leader>00573nam--2200181-i-4500</leader><controlfield tag="001">000037964</controlfield><controlfield tag="002">20161230</controlfield><controlfield tag="005">20161230201041</controlfield><controlfield tag="008">060222s1000------------r-----000-0-ger-d</controlfield><datafield ind1=" " ind2=" " tag="040"><subfield code="a">IFIN-HH</subfield></datafield><datafield ind1=" " ind2=" " tag="041"><subfield code="a">ger</subfield></datafield><datafield ind1=" " ind2=" " tag="080"><subfield code="a">537.226</subfield></datafield><datafield ind1="1" ind2=" " tag="100"><subfield code="a">Rau, Herman</subfield></datafield><datafield ind1="1" ind2="0" tag="245"><subfield code="a">Prufung einer methode und apparatur zur messung der komplexen dielektrizitatkonstanten von wasser und elektrolytlosungen bei 14 ghz</subfield><subfield code="b">Dissertation</subfield><subfield code="c">Herman rau</subfield></datafield><datafield ind1=" " ind2=" " tag="260"><subfield code="a">Tubingen</subfield><subfield code="b">Fakultat Der Eberhard-karls Univ</subfield><subfield code="c">1964</subfield></datafield><datafield ind1=" " ind2=" " tag="300"><subfield code="a">66P</subfield></datafield><datafield ind1=" " ind2=" " tag="852"><subfield code="a">23411</subfield><subfield code="c">537.226</subfield></datafield><datafield ind1=" " ind2=" " tag="CAT"><subfield code="a">Sys</subfield><subfield code="c">20110705</subfield><subfield code="h">163810</subfield></datafield></record></collection>